% This file was created with JabRef 2.9.2.
@article{shahriari2016taking,
  title={Taking the human out of the loop: A review of bayesian optimization},
  author={Shahriari, Bobak and Swersky, Kevin and Wang, Ziyu and Adams, Ryan P and de Freitas, Nando},
  journal={Proceedings of the IEEE},
  volume={104},
  number={1},
  pages={148--175},
  year={2016},
  publisher={IEEE}
}

@article{durrande2011additive,
  title={Additive covariance kernels for high-dimensional Gaussian process modeling},
  author={Durrande, Nicolas and Ginsbourger, David and Roustant, Olivier and Carraro, Laurent},
  journal={arXiv preprint arXiv:1111.6233},
  year={2011}
}

@inproceedings{cao2013efficient,
  title={Efficient optimization for sparse gaussian process regression},
  author={Cao, Yanshuai and Brubaker, Marcus A and Fleet, David J and Hertzmann, Aaron},
  booktitle={Advances in Neural Information Processing Systems},
  pages={1097--1105},
  year={2013}
}

@incollection{williams1998prediction,
  title={Prediction with Gaussian processes: From linear regression to linear prediction and beyond},
  author={Williams, Christopher KI},
  booktitle={Learning in graphical models},
  pages={599--621},
  year={1998},
  publisher={Springer}
}

@article{brochu2010tutorial,
  title={A tutorial on Bayesian optimization of expensive cost functions, with application to active user modeling and hierarchical reinforcement learning},
  author={Brochu, Eric and Cora, Vlad M and De Freitas, Nando},
  journal={arXiv preprint arXiv:1012.2599},
  year={2010}
}

@article{jones1998efficient,
  title={Efficient global optimization of expensive black-box functions},
  author={Jones, Donald R and Schonlau, Matthias and Welch, William J},
  journal={Journal of Global optimization},
  volume={13},
  number={4},
  pages={455--492},
  year={1998},
  publisher={Springer}
}

@article{kennedy2000predicting,
  title={Predicting the output from a complex computer code when fast approximations are available},
  author={Kennedy, Marc C and O'Hagan, Anthony},
  journal={Biometrika},
  volume={87},
  number={1},
  pages={1--13},
  year={2000},
  publisher={Biometrika Trust}
}

@book{forrester2008engineering,
  title={Engineering design via surrogate modelling: a practical guide},
  author={Forrester, Alexander and Sobester, Andras and Keane, Andy},
  year={2008},
  publisher={John Wiley \& Sons}
}

@book{bochner1959lectures,
  title={Lectures on Fourier Integrals},
  author={Bochner, S. and Tenenbaum, M. and Pollard, H.},
  isbn={9780691079943},
  lccn={lc59005589},
  series={Annals of mathematics studies},
  url={https://books.google.fr/books?id=-vU02QewWK8C},
  year={1959},
  publisher={Princeton University Press}
}

@book{neal2012bayesian,
  title={Bayesian learning for neural networks},
  author={Neal, Radford M},
  volume={118},
  year={2012},
  publisher={Springer Science \& Business Media}
}

@book{matheron1962trait√©,
  title={Trait{\'e} de g{\'e}ostatistique appliqu{\'e}e},
  author={Matheron, G.},
  number={v. 1},
  lccn={62044574},
  series={Memoires},
  url={https://books.google.fr/books?id=88YKAQAAMAAJ},
  year={1962},
  publisher={{\'E}ditions Technip}
}

@phdthesis{krige2015statistical,
  title={A statistical approach to some mine valuation and allied problems on the Witwatersrand},
  author={Krige, Daniel G},
  year={2015}
}

@article{ng2014hierarchical,
  title={Hierarchical Mixture-of-Experts Model for Large-Scale Gaussian Process Regression},
  author={Ng, Jun Wei and Deisenroth, Marc Peter},
  journal={arXiv preprint arXiv:1412.3078},
  year={2014}
}

@article{deisenroth2015distributed,
  title={Distributed Gaussian Processes},
  author={Deisenroth, Marc Peter and Ng, Jun Wei},
  journal={arXiv preprint arXiv:1502.02843},
  year={2015}
}

@article{chen2009bagging,
  title={Bagging for Gaussian process regression},
  author={Chen, Tao and Ren, Jianghong},
  journal={Neurocomputing},
  volume={72},
  number={7},
  pages={1605--1610},
  year={2009},
  publisher={Elsevier}
}

@article{rasmussen2002infinite,
  title={Infinite mixtures of Gaussian process experts},
  author={Rasmussen, Carl Edward and Ghahramani, Zoubin},
  journal={Advances in neural information processing systems},
  volume={2},
  pages={881--888},
  year={2002},
  publisher={MIT; 1998}
}

@article{Gal2014Distributed,
Author = {Yarin Gal and Mark van der Wilk and Carl E. Rasmussen},
Title = {Distributed Variational Inference in Sparse {G}aussian Process Regression and Latent Variable Models},
Year = {2014},
Journal = {arXiv:1402.1389},
}

@article{hensman2013gaussian,
  title={Gaussian processes for big data},
  author={Hensman, James and Fusi, Nicolo and Lawrence, Neil D},
  journal={arXiv preprint arXiv:1309.6835},
  year={2013}
}

@inproceedings{seeger2003fast,
  title={Fast forward selection to speed up sparse Gaussian process regression},
  author={Seeger, Matthias and Williams, Christopher and Lawrence, Neil},
  booktitle={Artificial Intelligence and Statistics 9},
  number={EPFL-CONF-161318},
  year={2003}
}

@article{wilson2015thoughts,
  title={Thoughts on Massively Scalable Gaussian Processes},
  author={Wilson, Andrew Gordon and Dann, Christoph and Nickisch, Hannes},
  journal={arXiv preprint arXiv:1511.01870},
  year={2015}
}
@article{wilson2013gpatt,
  title={GPatt: Fast Multidimensional Pattern Extrapolation with Gaussian Processes},
  author={Wilson, Andrew Gordon and Gilboa, Elad and Nehorai, Arye and Cunningham, John P},
  journal={arXiv preprint arXiv:1310.5288},
  year={2013}
}

@article{alvarez2011kernels,
  title={Kernels for vector-valued functions: A review},
  author={Alvarez, Mauricio A and Rosasco, Lorenzo and Lawrence, Neil D},
  journal={arXiv preprint arXiv:1106.6251},
  year={2011}
}

@inproceedings{bonilla2007multi,
  title={Multi-task Gaussian process prediction},
  author={Bonilla, Edwin V and Chai, Kian M and Williams, Christopher},
  booktitle={Advances in neural information processing systems},
  pages={153--160},
  year={2007}
}

@book{goovaerts1997geostatistics,
  title={Geostatistics for Natural Resources Evaluation},
  author={Goovaerts, P.},
  isbn={9780195115383},
  lccn={97002521},
  series={Applied geostatistics series},
  url={https://books.google.fr/books?id=CW-7tHAaVR0C},
  year={1997},
  publisher={Oxford University Press}
}

@book{timoshenko1953history,
  title={History of Strength of Materials: With a Brief Account of the History of Theory of Elasticity and Theory of Structures},
  author={Timoshenko, S.},
  isbn={9780486611877},
  lccn={82017713},
  series={Dover Civil and Mechanical Engineering Series},
  url={https://books.google.fr/books?id=tkScQmyhsb8C},
  year={1953},
  publisher={Dover Publications}
}

@inproceedings{le2013fastfood,
  title={Fastfood-computing hilbert space expansions in loglinear time},
  author={Le, Quoc and Sarl{\'o}s, Tam{\'a}s and Smola, Alexander},
  booktitle={Proceedings of the 30th International Conference on Machine Learning},
  pages={244--252},
  year={2013}
}

@INPROCEEDINGS{Moore99,
  AUTHOR =       "R. Moore and J. Lopes",
  TITLE =        "Paper templates",
  BOOKTITLE =    "TEMPLATE'06, 1st International Conference on Template Production",
  YEAR =         "1999",
  publisher =    "SCITEPRESS",
  file = F
}

@BOOK{Smith98,
  AUTHOR =       "J. Smith",
  TITLE =        "The Book",
  PUBLISHER =    "The publishing company",
  YEAR =         "1998",
  address =      "London",
  edition =      "2nd",
  file = F
}

@article {Constantinescu2013,
	title = {Physics-Based Covariance Models for Gaussian Processes with Multiple Outputs},
	journal = {International Journal for Uncertainty Quantification},
	volume = {3},
	year = {2013},
	chapter = {47-71},
	author = {Emil M. Constantinescu and Mihai Anitescu}
}

@INPROCEEDINGS{Titsias09variationallearning,
    author = {Michalis K. Titsias},
    title = {Variational learning of inducing variables in sparse Gaussian processes},
    booktitle = {In Artificial Intelligence and Statistics 12},
    year = {2009},
    pages = {567--574}
}

@book {Stein1999Springer,
	title = {{Interpolation of Spatial Data: Some Theory for Kriging}},
	year = {1999},
	pages = {247},
	publisher = {Springer},
	organization = {Springer},
	address = {New York},
	author = {Stein, M.~L.}
}

@INPROCEEDINGS{Boyle05dependentgaussian,
    author = {Phillip Boyle and Marcus Frean},
    title = {Dependent Gaussian processes},
    booktitle = {In Advances in Neural Information Processing Systems 17},
    year = {2005},
    pages = {217--224},
    publisher = {MIT Press}
}

@article{DBLP:journals/corr/CaoF14,
  author    = {Yanshuai Cao and
               David J. Fleet},
  title     = {Generalized Product of Experts for Automatic and Principled Fusion
               of Gaussian Process Predictions},
  journal   = {CoRR},
  volume    = {abs/1410.7827},
  year      = {2014},
  url       = {http://arxiv.org/abs/1410.7827},
  timestamp = {Sun, 02 Nov 2014 11:25:59 +0100},
  biburl    = {http://dblp.uni-trier.de/rec/bib/journals/corr/CaoF14},
  bibsource = {dblp computer science bibliography, http://dblp.org}
}

@article{sandboge2010fluid,
  title={Fluid--structure interaction with OpenFSITM and MD NastranTM structural solver},
  author={Sandboge, Robert},
  journal={Ann. Arbor},
  volume={1001},
  year={2010}
}

@article{cambier2008status,
  title={Status of the elsA CFD software for flow simulation and multidisciplinary applications},
  author={Cambier, L and Veuillot, JP},
  journal={AIAA paper},
  volume={664},
  pages={2008},
  year={2008}
}

@incollection{bonilla_multi-task_2008,
  added-at = {2009-03-05T08:48:22.000+0100},
  address = {Cambridge, MA},
  author = {Bonilla, Edwin and Chai, Kian Ming and Williams, Chris},
  biburl = {http://www.bibsonomy.org/bibtex/2973351cea44d5803e83e89081cb4f706/bcao},
  booktitle = {Advances in Neural Information Processing Systems 20},
  editor = {Platt, J.C. and Koller, D. and Singer, Y. and Roweis, S.},
  interhash = {175901df736df5fa57337f2e9008362c},
  intrahash = {973351cea44d5803e83e89081cb4f706},
  keywords = {},
  pages = {153--160},
  publisher = {MIT Press},
  timestamp = {2009-03-05T08:48:22.000+0100},
  title = {Multi-task Gaussian Process Prediction},
  year = 2008
}

@book{mathworks2005matlab,
  title={MATLAB: the language of technical computing. Desktop tools and development environment, version 7},
  author={MathWorks, Inc},
  volume={9},
  year={2005},
  publisher={MathWorks}
}

@article{march2015askit,
  title={ASKIT: Approximate skeletonization kernel-independent treecode in high dimensions},
  author={March, William B and Xiao, Bo and Biros, George},
  journal={SIAM Journal on Scientific Computing},
  volume={37},
  number={2},
  pages={A1089--A1110},
  year={2015},
  publisher={SIAM}
}

@article{belta2002svd,
  title={An SVD-based projection method for interpolation on SE (3)},
  author={Belta, Calin and Kumar, Vijay},
  journal={IEEE transactions on Robotics and Automation},
  volume={18},
  number={3},
  pages={334--345},
  year={2002},
  publisher={IEEE}
} 

@book{Rasmussen2005,
 author = {Rasmussen, Carl Edward and Williams, Christopher K. I.},
 title = {Gaussian Processes for Machine Learning (Adaptive Computation and Machine Learning)},
 year = {2005},
 isbn = {026218253X},
 publisher = {The MIT Press},
} 

@inproceedings{journals/jmlr/AlvarezLL09,
  added-at = {2013-11-25T00:00:00.000+0100},
  author = {Alvarez, Mauricio A. and Luengo, David and Lawrence, Neil D.},
  biburl = {http://www.bibsonomy.org/bibtex/23c762536cede7b58f85ec82a4f77f7b8/dblp},
  booktitle = {AISTATS},
  editor = {Dyk, David A. Van and Welling, Max},
  ee = {http://www.jmlr.org/proceedings/papers/v5/alvarez09a.html},
  interhash = {68d9e013ed8443994633bccbd782de46},
  intrahash = {3c762536cede7b58f85ec82a4f77f7b8},
  keywords = {dblp},
  pages = {9-16},
  publisher = {JMLR.org},
  series = {JMLR Proceedings},
  timestamp = {2015-06-18T19:51:38.000+0200},
  title = {Latent Force Models.},
  url = {http://dblp.uni-trier.de/db/journals/jmlr/jmlrp5.html#AlvarezLL09},
  volume = 5,
  year = 2009
}

@incollection{NIPSDerivativeGP,
title = {Derivative Observations in Gaussian Process Models of Dynamic Systems},
author = {E. Solak and R. Murray-smith and W. E. Leithead and D. J. Leith and Carl E. Rasmussen},
booktitle = {Advances in Neural Information Processing Systems 15},
editor = {S. Becker and S. Thrun and K. Obermayer},
pages = {1057--1064},
year = {2003},
publisher = {MIT Press},
url = {http://papers.nips.cc/paper/2287-derivative-observations-in-gaussian-process-models-of-dynamic-systems.pdf}
}

@incollection{SparseMOGPAlvarez2008,
title = {Sparse Convolved Gaussian Processes for Multi-output Regression},
author = {Mauricio Alvarez and Neil D. Lawrence},
booktitle = {Advances in Neural Information Processing Systems 21},
editor = {D. Koller and D. Schuurmans and Y. Bengio and L. Bottou},
pages = {57--64},
year = {2009},
publisher = {Curran Associates, Inc.},
url = {http://papers.nips.cc/paper/3553-sparse-convolved-gaussian-processes-for-multi-output-regression.pdf}
}

@INPROCEEDINGS{Snelson06sparsegaussian,
    author = {Edward Snelson and Zoubin Ghahramani},
    title = {Sparse Gaussian Processes using Pseudo-inputs},
    booktitle = {ADVANCES IN NEURAL INFORMATION PROCESSING SYSTEMS },
    year = {2006},
    pages = {1257--1264},
    publisher = {MIT press}
}

@ARTICLE{Qui√±onero-candela05aunifying,
    author = {Joaquin Qui√±onero-candela and Carl Edward Rasmussen and Ralf Herbrich},
    title = {A unifying view of sparse approximate Gaussian process regression},
    journal = {Journal of Machine Learning Research},
    year = {2005},
    volume = {6},
    pages = {2005}
}

@inproceedings{journals/jmlr/AlvarezLTL10,
  added-at = {2013-11-25T00:00:00.000+0100},
  author = {\'Alvarez, Mauricio A. and Luengo, David and Titsias, Michalis K. and Lawrence, Neil D.},
  biburl = {http://www.bibsonomy.org/bibtex/24dcf9c7239667c65284cd307127f715c/dblp},
  booktitle = {AISTATS},
  crossref = {conf/aistats/2010},
  editor = {Teh, Yee Whye and Titterington, D. Mike},
  ee = {http://www.jmlr.org/proceedings/papers/v9/alvarez10a.html},
  interhash = {98009002b7c6a7219a343ffdbdd2ddeb},
  intrahash = {4dcf9c7239667c65284cd307127f715c},
  keywords = {dblp},
  pages = {25-32},
  publisher = {JMLR.org},
  series = {JMLR Proceedings},
  timestamp = {2015-06-18T19:53:55.000+0200},
  title = {Efficient Multioutput Gaussian Processes through Variational Inducing Kernels.},
  url = {http://dblp.uni-trier.de/db/journals/jmlr/jmlrp9.html#AlvarezLTL10},
  volume = 9,
  year = 2010
}


@article{Alvarez:2011:CEC:1953048.2021048,
 author = {\'{A}lvarez, Mauricio A. and Lawrence, Neil D.},
 title = {Computationally Efficient Convolved Multiple Output Gaussian Processes},
 journal = {J. Mach. Learn. Res.},
 issue_date = {2/1/2011},
 volume = {12},
 month = jul,
 year = {2011},
 issn = {1532-4435},
 pages = {1459--1500},
 numpages = {42},
 url = {http://dl.acm.org/citation.cfm?id=1953048.2021048},
 acmid = {2021048},
 publisher = {JMLR.org},
}

@article{Vanhatalo:2013:GBM:2567709.2502617,
 author = {Vanhatalo, Jarno and Riihim\"{a}ki, Jaakko and Hartikainen, Jouni and Jyl\"{a}nki, Pasi and Tolvanen, Ville and Vehtari, Aki},
 title = {GPstuff: Bayesian Modeling with Gaussian Processes},
 journal = {J. Mach. Learn. Res.},
 issue_date = {January 2013},
 volume = {14},
 number = {1},
 month = apr,
 year = {2013},
 issn = {1532-4435},
 pages = {1175--1179},
 numpages = {5},
 url = {http://dl.acm.org/citation.cfm?id=2567709.2502617},
 acmid = {2502617},
 publisher = {JMLR.org},
 keywords = {Bayesian hierarchical model, Gaussian process, nonparametric Bayes},
} 

@inproceedings{DBLP:conf/icml/DeisenrothN15,
  author    = {Marc Peter Deisenroth and
               Jun Wei Ng},
  title     = {Distributed Gaussian Processes},
  booktitle = {Proceedings of the 32nd International Conference on Machine Learning,
               {ICML} 2015, Lille, France, 6-11 July 2015},
  pages     = {1481--1490},
  year      = {2015},
  crossref  = {DBLP:conf/icml/2015},
  url       = {http://jmlr.org/proceedings/papers/v37/deisenroth15.html},
  timestamp = {Sun, 05 Jul 2015 19:10:23 +0200},
  biburl    = {http://dblp2.uni-trier.de/rec/bib/conf/icml/DeisenrothN15},
  bibsource = {dblp computer science bibliography, http://dblp.org}
}

@incollection{derivative_Rasmussen_NIPS2002_2287,
title = {Derivative Observations in Gaussian Process Models of Dynamic Systems},
author = {E. Solak and R. Murray-smith and W. E. Leithead and D. J. Leith and Carl E. Rasmussen},
booktitle = {Advances in Neural Information Processing Systems 15},
editor = {S. Becker and S. Thrun and K. Obermayer},
pages = {1057--1064},
year = {2003},
publisher = {MIT Press},
url = {http://papers.nips.cc/paper/2287-derivative-observations-in-gaussian-process-models-of-dynamic-systems.pdf}
}

@techreport{wilson2012process,
  title={A Process over all Stationary Covariance Kernels},
  author={Wilson, Andrew Gordon},
  year={2012}
}

@article{duvenaud2013structure,
  title={Structure discovery in nonparametric regression through compositional kernel search},
  author={Duvenaud, David and Lloyd, James Robert and Grosse, Roger and Tenenbaum, Joshua B and Ghahramani, Zoubin},
  journal={arXiv preprint arXiv:1302.4922},
  year={2013}
}

@article{lloyd2014automatic,
  title={Automatic construction and natural-language description of nonparametric regression models},
  author={Lloyd, James Robert and Duvenaud, David and Grosse, Roger and Tenenbaum, Joshua B and Ghahramani, Zoubin},
  journal={arXiv preprint arXiv:1402.4304},
  year={2014}
}

@book{osborne2010bayesian,
  title={Bayesian Gaussian processes for sequential prediction, optimisation and quadrature},
  author={Osborne, Michael},
  year={2010},
  publisher={Oxford University New College}
}

@inproceedings{duvenaud2011additive,
  title={Additive gaussian processes},
  author={Duvenaud, David K and Nickisch, Hannes and Rasmussen, Carl E},
  booktitle={Advances in neural information processing systems},
  pages={226--234},
  year={2011}
}

@article{wilson2013gaussian,
  title={Gaussian process kernels for pattern discovery and extrapolation},
  author={Wilson, Andrew Gordon and Adams, Ryan Prescott},
  journal={arXiv preprint arXiv:1302.4245},
  year={2013}
}

@phdthesis{wilson2014thesis,
  title={Covariance kernels for fast automatic pattern discovery and extrapolation with Gaussian processes},
  author={Wilson, Andrew Gordon},
  year={2014},
  school={University of Cambridge}
}

@article{rasmussen2006gaussian,
  title={Gaussian processes for machine learning},
  author={Rasmussen, Carl Edward},
  year={2006},
  publisher={Citeseer}
}

@book{stein2012interpolation,
  title={Interpolation of spatial data: some theory for kriging},
  author={Stein, Michael L},
  year={2012},
  publisher={Springer Science \& Business Media}
}

@phdthesis{duvenaud-thesis-2014,
   title = {Automatic Model Construction with {G}aussian Processes},
   author = {David Duvenaud},
   year = {2014},
   school = {{Computational and Biological Learning Laboratory, University of Cambridge}},
}

@book{mackay2003information,
  title={Information theory, inference and learning algorithms},
  author={MacKay, David JC},
  year={2003},
  publisher={Cambridge university press}
}

@article{bishop2006pattern,
  title={Pattern Recognition},
  author={Bishop, Christopher M},
  journal={Machine Learning},
  year={2006}
}

@article{bauer1998empirical,
  title={An empirical comparison of voting classification algorithms: Bagging, boosting, and variants},
  author={Bauer, Eric and Kohavi, Ron},
  journal={Machine learning},
  volume={36},
  number={1},
  pages={2},
  year={1998}
}

@inproceedings{goingDeeperWithConvolutions2015,
title = {Going Deeper with Convolutions},
author  = {Christian Szegedy and Wei Liu and Yangqing Jia and Pierre Sermanet and Scott Reed and Dragomir Anguelov and Dumitru Erhan and Vincent Vanhoucke and Andrew Rabinovich},
year  = 2015,
URL = {http://arxiv.org/abs/1409.4842},
booktitle = {CVPR 2015}
}

@article{rott1990note,
  title={Note on the history of the Reynolds number},
  author={Rott, N},
  journal={Annual review of fluid mechanics},
  volume={22},
  number={1},
  pages={1--12},
  year={1990},
  publisher={Annual Reviews 4139 El Camino Way, PO Box 10139, Palo Alto, CA 94303-0139, USA}
}

@inproceedings{domingos2000unified,
  title={A unified bias-variance decomposition},
  author={Domingos, Pedro},
  booktitle={Proceedings of 17th International Conference on Machine Learning. Stanford CA Morgan Kaufmann},
  pages={231--238},
  year={2000}
}


@article{wolpert1997no,
  title={No free lunch theorems for optimization},
  author={Wolpert, David H and Macready, William G},
  journal={Evolutionary Computation, IEEE Transactions on},
  volume={1},
  number={1},
  pages={67--82},
  year={1997},
  publisher={IEEE}
}

@online{extrapolatedArt,
  author = {Yarin Gal},
  title = {Extrapolated Art},
  year = 2014,
  url = {www.extrapolated-art.com},
}

@book{schwab2016fourth,
  title={The Fourth Industrial Revolution},
  author={Schwab, K.},
  isbn={9781944835002},
  url={https://books.google.fr/books?id=mQQwjwEACAAJ},
  year={2016},
  publisher={World Economic Forum}
}

@article{domingos2012few,
  title={A few useful things to know about machine learning},
  author={Domingos, Pedro},
  journal={Communications of the ACM},
  volume={55},
  number={10},
  pages={78--87},
  year={2012},
  publisher={ACM}
}

@ARTICLE{Bello1963,
  author = {Bello, P.},
  title = {Characterization of randomly time-variant linear channels},
  journal = {IEEE Transactions on Communications Systems},
  year = {1963},
  volume = {11},
  pages = {360--393},
  number = {4},
  doi = {10.1109/TCOM.1963.1088793},
  owner = {damien},
  timestamp = {2010.04.16}
}

@ARTICLE{Roque2012b,
  author = {Roque, D. and Siclet, C.},
  title = {Performances of weighted cyclic prefix {OFDM} with low-complexity equalization},
  journal = {{IEEE} Communication Letters},
  year = {2012},
  volume = {n/a},
  pages = {n/a},
  owner = {damien},
  timestamp = {2012.08.15}
}

@INPROCEEDINGS{Roque2012c,
  author = {Roque, D. and Siclet, C. and Brossier, J.M.},
  title = {A low-complexity {FBMC} scheme analysis with {LDPC} coding in mobile-to-mobile Environment},
  booktitle = {Proceedings of IEEE Military Conference on Communications, MILCOM '12},
  year = {2012},
  owner = {damien},
  timestamp = {2012.04.03}
}

@INPROCEEDINGS{Roque2012d,
  author = {Roque, D. and Siclet, C. and Brossier, J.M. and Siohan, P.},
  title = {Weighted cyclic prefix {OFDM}: {PAPR} analysis and performances comparison with {DFT}-precoding},
  booktitle = {Proceedings of IEEE 46th Annual Asilomar Conference on Signals, Systems, and Computers, ASILOMARSSC '12},
  year = {2012},
  owner = {damien},
  timestamp = {2012.05.13}
}

@INPROCEEDINGS{Roque2012,
  author = {Roque, D. and Siclet, C. and Siohan, P.},
  title = {A performance comparison of {FBMC} modulation schemes with short perfect reconstruction filters},
  booktitle = {Proceedings of IEEE International Conference on Telecommunications, ICT '12},
  year = {2012},
  owner = {damien},
  timestamp = {2011.11.16}
}

@book{raymer2012aircraft,
  title={Aircraft Design: A Conceptual Approach},
  author={Raymer, D.P.},
  isbn={9781600869112},
  lccn={2012011954},
  series={AIAA education series},
  url={https://books.google.fr/books?id=9jBsLgEACAAJ},
  year={2012},
  publisher={American Institute of Aeronautics and Astronautics}
}

@article{wright1934we,
  title={How we made the first flight},
  author={Wright, Orville},
  journal={Journal of the Franklin Institute},
  volume={217},
  number={2},
  pages={239--254},
  year={1934},
  publisher={Elsevier}
}

@book{cummings2015applied,
  title={Applied Computational Aerodynamics: A Modern Engineering Approach},
  author={Cummings, Russell M and Mason, William H and Morton, Scott A and McDaniel, David R},
  volume={53},
  year={2015},
  publisher={Cambridge University Press}
}

@book{Goodfellow-et-al-2016,
    title={Deep Learning},
    author={Ian Goodfellow and Yoshua Bengio and Aaron Courville},
    publisher={MIT Press},
    note={\url{http://www.deeplearningbook.org}},
    year={2016}
}

@article{lecun2015deep,
  title={Deep learning},
  author={LeCun, Yann and Bengio, Yoshua and Hinton, Geoffrey},
  journal={Nature},
  volume={521},
  number={7553},
  pages={436--444},
  year={2015},
  publisher={Nature Research}
}

@article{west2013big,
  title={Big data needs a big theory to go with it},
  author={West, Geoffrey},
  journal={Scientific American, May},
  volume={15},
  year={2013}
}

@inproceedings{krizhevsky2012imagenet,
  title={Imagenet classification with deep convolutional neural networks},
  author={Krizhevsky, Alex and Sutskever, Ilya and Hinton, Geoffrey E},
  booktitle={Advances in neural information processing systems},
  pages={1097--1105},
  year={2012}
}

@techreport{fox2004test,
  title={Test and evaluation trends and costs for aircraft and guided weapons},
  author={Fox, Bernard and Boito, Michael and Graser, John C and Younossi, Obaid},
  year={2004},
  institution={RAND CORP SANTA MONICA CA}
}

@incollection{murthy2014computational,
  title={Computational Fluid Dynamics: A Design Tool for Aircraft Industries},
  author={Murthy, P Srinivasa},
  booktitle={Innovative Design, Analysis and Development Practices in Aerospace and Automotive Engineering},
  pages={65--66},
  year={2014},
  publisher={Springer}
}

@misc{jameson2012computational,
  title={Computational Fluid Dynamics: Past, Present and Future},
  author={Jameson, Antony},
  year={2012},
  publisher={Aerospace Computing Laboratory, Stanford University}
}

@phdthesis{duvenaud2014automatic,
  title={Automatic model construction with Gaussian processes},
  author={Duvenaud, David},
  year={2014},
  school={University of Cambridge}
}

@article{krige1951statistical,
  title={A statistical approach to some basic mine valuation problems on the Witwatersrand},
  author={Krige, Daniel G},
  journal={Journal of the Southern African Institute of Mining and Metallurgy},
  volume={52},
  number={6},
  pages={119--139},
  year={1951},
  publisher={Southern African Institute of Mining and Metallurgy}
}

@article{matheron1963principles,
  title={Principles of geostatistics},
  author={Matheron, Georges},
  journal={Economic geology},
  volume={58},
  number={8},
  pages={1246--1266},
  year={1963},
  publisher={SecG}
}

@inproceedings{peeters2005industrial,
  title={Industrial relevance of Operational Modal Analysis--civil, aerospace and automotive case histories},
  author={Peeters, Bart and Van der Auweraer, Herman and Pauwels, Steven and Debille, Jan},
  booktitle={Proceedings of IOMAC, the 1st International Operational Modal Analysis Conference},
  year={2005}
}

@article{shahdin2010correlating,
  title={Correlating low energy impact damage with changes in modal parameters: diagnosis tools and FE validation},
  author={Shahdin, Amir and Morlier, Joseph and Niemann, Hanno and Gourinat, Yves},
  journal={Structural Health Monitoring},
  year={2010},
  publisher={SAGE Publications}
}

@inproceedings{rainieri2007automated,
  title={Automated Operational Modal Analysis as structural health monitoring tool: theoretical and applicative aspects},
  author={Rainieri, Carlo and Fabbrocino, Giovanni and Cosenza, E},
  booktitle={Key Engineering Materials},
  volume={347},
  pages={479--484},
  year={2007},
  organization={Trans Tech Publ}
}

@book{bochner2016lectures,
  title={Lectures on Fourier Integrals.(AM-42)},
  author={Bochner, Salomon},
  volume={42},
  year={2016},
  publisher={Princeton University Press}
}

@inproceedings{gade2005frequency,
  title={Frequency domain techniques for operational modal analysis},
  author={Gade, Svend and M{\o}ller, N and Herlufsen, Henrik and Konstantin-Hansen, Hans},
  booktitle={1st IOMAC Conference},
  year={2005}
}


@article{zhang2004overview,
  title={An overview of major developments and issues in modal identification},
  author={Zhang, Lingmi},
  journal={Proc. IMAC XXII, Detroit (USA)},
  pages={1--8},
  year={2004}
}

@inproceedings{brincker2000modal,
  title={Modal identification from ambient responses using frequency domain decomposition},
  author={Brincker, Rune and Zhang, Lingmi and Andersen, P},
  booktitle={Proc. of the 18*‚ÄòInternational Modal Analysis Conference (IMAC), San Antonio, Texas},
  year={2000}
}

@inproceedings{richardson1982parameter,
  title={Parameter estimation from frequency response measurements using rational fraction polynomials},
  author={Richardson, Mark H and Formenti, David L},
  booktitle={Proceedings of the 1st international modal analysis conference},
  volume={1},
  pages={167--186},
  year={1982},
  organization={Union College Schenectady, NY}
}

@article{allemang1998unified,
  title={A unified matrix polynomial approach to modal identification},
  author={Allemang, Randall J and Brown, DL},
  journal={Journal of Sound and Vibration},
  volume={211},
  number={3},
  pages={301--322},
  year={1998},
  publisher={Elsevier}
}

@inproceedings{chauhan2007unified,
  title={Unified matrix polynomial approach for operational modal analysis},
  author={Chauhan, S and Martell, R and Allemang, RJ and Brown, DL},
  booktitle={Proceedings of the 25th IMAC, Orlando (FL), USA},
  year={2007}
}

@article{wilson2014covariance,
  title={Covariance kernels for fast automatic pattern discovery and extrapolation with Gaussian processes},
  author={Wilson, Andrew Gordon},
  journal={University of Cambridge},
  year={2014}
}

@article{ghoreyshi2009accelerating,
  title={Accelerating the numerical generation of aerodynamic models for flight simulation},
  author={Ghoreyshi, Mehdi and Badcock, KJ and Woodgate, MA},
  journal={Journal of Aircraft},
  volume={46},
  number={3},
  pages={972--980},
  year={2009}
}

@book{campbell2003history,
  title={The History of Mathematical Tables: From Sumer to Spreadsheets},
  author={Campbell-Kelly, M.},
  isbn={9780198508410},
  lccn={2004298837},
  url={https://books.google.fr/books?id=O170gWPZ7M8C},
  year={2003},
  publisher={OUP Oxford}
}

@article{tan2003proper,
  title={Proper orthogonal decomposition extensions and their applications in steady aerodynamics},
  author={Tan, Bui Thanh},
  journal={Master of Engineering in High Performance Computation for Engineered Systems (HPCES), Singapore-MIT Alliance},
  year={2003}
}

@article{braconnier2011towards,
  title={Towards an adaptive POD/SVD surrogate model for aeronautic design},
  author={Braconnier, T and Ferrier, M and Jouhaud, J-C and Montagnac, M and Sagaut, P},
  journal={Computers \& Fluids},
  volume={40},
  number={1},
  pages={195--209},
  year={2011},
  publisher={Elsevier}
}

@article{rosenbaum2013efficient,
  title={Efficient response surface methods based on generic surrogate models},
  author={Rosenbaum, Benjamin and Schulz, Volker},
  journal={SIAM Journal on Scientific Computing},
  volume={35},
  number={2},
  pages={B529--B550},
  year={2013},
  publisher={SIAM}
}

@article{barrault2004empirical,
  title={An ‚Äòempirical interpolation‚Äômethod: application to efficient reduced-basis discretization of partial differential equations},
  author={Barrault, Maxime and Maday, Yvon and Nguyen, Ngoc Cuong and Patera, Anthony T},
  journal={Comptes Rendus Mathematique},
  volume={339},
  number={9},
  pages={667--672},
  year={2004},
  publisher={Elsevier}
}

@article{beckert2001multivariate,
  title={Multivariate interpolation for fluid-structure-interaction problems using radial basis functions},
  author={Beckert, Armin and Wendland, Holger},
  journal={Aerospace Science and Technology},
  volume={5},
  number={2},
  pages={125--134},
  year={2001},
  publisher={Elsevier}
}

@article{verveld2016reduced,
  title={Reduced Order Models for Aerodynamic Applications, Loads and MDO},
  author={Verveld, Mark Johannes and Kier, Thiemo and Karcher, Niklas and Franz, Thomas and Abu-Zurayk, Mohammad and Ripepi, Matteo and G{\"o}rtz, Stefan},
  year={2016}
}

@article{franz2014interpolation,
  title={Interpolation-based reduced-order modelling for steady transonic flows via manifold learning},
  author={Franz, Thomas and Zimmermann, Ralf and G{\"o}rtz, Stefan and Karcher, Niklas},
  journal={International Journal of Computational Fluid Dynamics},
  volume={28},
  number={3-4},
  pages={106--121},
  year={2014},
  publisher={Taylor \& Francis}
}


  year={2012},
  publisher={Springer Science \& Business Media}
}

@article{vassberg2014summary,
  title={Summary of the fourth AIAA computational fluid dynamics drag prediction workshop},
  author={Vassberg, John C and Tinoco, Edward N and Mani, Mori and Rider, Ben and Zickuhr, Tom and Levy, David W and Brodersen, Olaf P and Eisfeld, Bernhard and Crippa, Simone and Wahls, Richard A and others},
  journal={Journal of Aircraft},
  year={2014},
  publisher={American Institute of Aeronautics and Astronautics}
}

@article{menter2003ten,
  title={Ten years of industrial experience with the SST turbulence model},
  author={Menter, FR and Kuntz, M and Langtry, R},
  journal={Turbulence, heat and mass transfer},
  volume={4},
  number={1},
  pages={625--632},
  year={2003}
}

@article{li2016performance,
  title={The performance of proper orthogonal decomposition in discontinuous flows},
  author={Li, Jing and Zhang, Weiwei},
  journal={Theoretical and Applied Mechanics Letters},
  volume={6},
  number={5},
  pages={236--243},
  year={2016},
  publisher={Elsevier}
}

@conference{icpram16Ankit,
author={Ankit Chiplunkar and Emmanuel Rachelson and Michele Colombo and Joseph Morlier},
title={Sparse Physics-based Gaussian Process for Multi-output Regression using Variational Inference},
booktitle={Proceedings of the 5th International Conference on Pattern Recognition Applications and Methods},
year={2016},
pages={437-445},
doi={10.5220/0005700504370445},
isbn={978-989-758-173-1},
}

@inproceedings{shah2014student,
  title={Student-t processes as alternatives to Gaussian processes},
  author={Shah, Amar and Wilson, Andrew and Ghahramani, Zoubin},
  booktitle={Artificial Intelligence and Statistics},
  pages={877--885},
  year={2014}
}

@book{domingos2015master,
  title={The Master Algorithm: How the Quest for the Ultimate Learning Machine Will Remake Our World},
  author={Domingos, P.},
  isbn={9780465065707},
  lccn={2015007615},
  series={Basic Books},
  url={https://books.google.fr/books?id=glUtrgEACAAJ},
  year={2015},
  publisher={Basic Books}
}


@book{friedman2001elements,
  title={The elements of statistical learning},
  author={Friedman, Jerome and Hastie, Trevor and Tibshirani, Robert},
  volume={1},
  year={2001},
  publisher={Springer series in statistics New York}
}

@phdthesis{le2013multi,
  title={Multi-fidelity Gaussian process regression for computer experiments},
  author={Le Gratiet, Loic},
  year={2013},
  school={Universit{\'e} Paris-Diderot-Paris VII}
}


@article{blumer1990occam,
  title={Occam‚Äôs razor},
  author={Blumer, Anselm and Ehrenfeucht, Andrzej and Haussler, David and Warmuth, Manfred K},
  journal={Readings in machine learning},
  pages={201--204},
  year={1990},
  publisher={Morgan Kaufmann}
}

@article{quinonero2005unifying,
  title={A unifying view of sparse approximate Gaussian process regression},
  author={Qui{\~n}onero-Candela, Joaquin and Rasmussen, Carl Edward},
  journal={Journal of Machine Learning Research},
  volume={6},
  number={Dec},
  pages={1939--1959},
  year={2005}
}

@inproceedings{chenhan2016inv,
  title={INV-ASKIT: A Parallel Fast Direct Solver for Kernel Matrices},
  author={Chenhan, D Yu and March, William B and Xiao, Bo and Biros, George},
  booktitle={Parallel and Distributed Processing Symposium, 2016 IEEE International},
  pages={161--171},
  year={2016},
  organization={IEEE}
}

@inproceedings{marszalek2007semantic,
  title={Semantic hierarchies for visual object recognition},
  author={Marszalek, Marcin and Schmid, Cordelia},
  booktitle={Computer Vision and Pattern Recognition, 2007. CVPR'07. IEEE Conference on},
  pages={1--7},
  year={2007},
  organization={IEEE}
}

@article{sacks1989design,
  title={Design and analysis of computer experiments},
  author={Sacks, Jerome and Welch, William J and Mitchell, Toby J and Wynn, Henry P},
  journal={Statistical science},
  pages={409--423},
  year={1989},
  publisher={JSTOR}
}

@article{neal2011mcmc,
  title={MCMC using Hamiltonian dynamics},
  author={Neal, Radford M and others},
  journal={Handbook of Markov Chain Monte Carlo},
  volume={2},
  number={11},
  year={2011},
  publisher={CRC Press New York, NY}
}

@article{dubrule1983cross,
  title={Cross validation of kriging in a unique neighborhood},
  author={Dubrule, Olivier},
  journal={Mathematical Geology},
  volume={15},
  number={6},
  pages={687--699},
  year={1983},
  publisher={Springer}
}

@article{cao2014generalized,
  title={Generalized product of experts for automatic and principled fusion of Gaussian process predictions},
  author={Cao, Yanshuai and Fleet, David J},
  journal={arXiv preprint arXiv:1410.7827},
  year={2014}
}

@article{tresp2000bayesian,
  title={A Bayesian committee machine},
  author={Tresp, Volker},
  journal={Neural computation},
  volume={12},
  number={11},
  pages={2719--2741},
  year={2000},
  publisher={MIT Press}
}

@book{clapeyron1834memoire,
  title={M{\'e}moire Sur la Puissance Motrice de la Chaleur},
  author={CLAPEYRON, B.P.{\'E}.},
  url={https://books.google.fr/books?id=G28\_mgEACAAJ},
  year={1834}
}

@article{kostantinos2000gaussian,
  title={Gaussian mixtures and their applications to signal processing},
  author={Kostantinos, N},
  journal={Advanced signal processing handbook: theory and implementation for radar, sonar, and medical imaging real time systems},
  pages={3--1},
  year={2000},
  publisher={CRC Press}
}

@techreport{kleene1951representation,
  title={Representation of events in nerve nets and finite automata},
  author={Kleene, Stephen Cole},
  year={1951},
  institution={RAND PROJECT AIR FORCE SANTA MONICA CA}
}


@article{ghahramani2013bayesian,
  title={Bayesian non-parametrics and the probabilistic approach to modelling},
  author={Ghahramani, Zoubin},
  journal={Phil. Trans. R. Soc. A},
  volume={371},
  number={1984},
  pages={20110553},
  year={2013},
  publisher={The Royal Society}
}

@phdthesis{durrande2001etude,
  title={{\'E}tude de classes de noyaux adapt{\'e}es {\`a} la simplification et {\`a} l'interpr{\'e}tation des mod{\`e}les d'approximation. Une approche fonctionnelle et probabiliste.},
  author={Durrande, Nicolas},
  year={2001},
  school={Ecole Nationale Sup{\'e}rieure des Mines de Saint-Etienne}
}

@misc{chiplunkar:hal-01555401,
  TITLE = {{Identification of Physical Parameters Using Change-Point Kernels}},
  AUTHOR = {Chiplunkar, Ankit and Rachelson, Emmanuel and Colombo, Michele and Morlier, Joseph},
  URL = {https://hal.archives-ouvertes.fr/hal-01555401},
  NOTE = {Poster},
  HOWPUBLISHED = {{Society for Industrial and Applied Mathematics, Uncertainty Quantification, 2016}},
  YEAR = {2016},
  MONTH = Apr,
  KEYWORDS = {Gaussian Process Regression ; Change point},
  PDF = {https://hal.archives-ouvertes.fr/hal-01555401/file/SiamAirbusTemplate_20160405.pdf},
  HAL_ID = {hal-01555401},
  HAL_VERSION = {v1},
}

@incollection{chiplunkar2017operational,
  title={Operational Modal Analysis in Frequency Domain Using Gaussian Mixture Models},
  author={Chiplunkar, Ankit and Morlier, Joseph},
  booktitle={Topics in Modal Analysis \& Testing, Volume 10},
  pages={47--53},
  year={2017},
  publisher={Springer}
}

@book{loeve1978probability,
  title={Probability Theory II},
  author={Loeve, M.},
  isbn={9780387902623},
  lccn={76028332},
  series={F.W.Gehring P.r.Halmos and C.c.Moore},
  url={https://books.google.fr/books?id=1y229yBbULIC},
  year={1978},
  publisher={Springer}
}

@online{automaticStatistician,
  author = { Zoubin Ghahramani},
  title = {Automatic Statuistician},
  url = {https://www.automaticstatistician.com/index/},
  urldate = {2017-08-09}
}

@book{cox1977theory,
  title={The theory of stochastic processes},
  author={Cox, David Roxbee and Miller, Hilton David},
  volume={134},
  year={1977},
  publisher={CRC Press}
}

@article{uhlenbeck1930theory,
  title={On the theory of the Brownian motion},
  author={Uhlenbeck, George E and Ornstein, Leonard S},
  journal={Physical review},
  volume={36},
  number={5},
  pages={823},
  year={1930},
  publisher={APS}
}

@inproceedings{williams1985multivariate,
  title={The multivariate mode indicator function in modal analysis},
  author={Williams, Roger and Crowley, John and Vold, Havard},
  booktitle={International Modal Analysis Conference},
  pages={66--70},
  year={1985}
}

@article{shih1988complex,
  title={Complex mode indication function and its applications to spatial domain parameter estimation},
  author={Shih, CY and Tsuei, YG and Allemang, RJ and Brown, DL},
  journal={Mechanical systems and signal processing},
  volume={2},
  number={4},
  pages={367--377},
  year={1988},
  publisher={Elsevier}
}

@article{findley1991counterexamples,
  title={Counterexamples to parsimony and BIC},
  author={Findley, David F},
  journal={Annals of the Institute of Statistical Mathematics},
  volume={43},
  number={3},
  pages={505--514},
  year={1991},
  publisher={Springer}
}

@article{james1995natural,
  title={THE NATURAL EXCITATION TECHNIQUE (NEXT) FOR MODAL PARANIETER EXTRACTION FROM OPERATING STRUCTURES},
  author={James III, OH and Came, TG},
  year={1995}
}

@article{ibrahim1977method,
  title={A method for the direct identification of vibration parameters from the free response},
  author={Ibrahim, SR and Mikulcik, EC},
  year={1977}
}

@article{spitznogle1970representation,
  title={Representation and Analysis of Time-Limited Signals Using a Complex Exponential Algorithm},
  author={Spitznogle, Frank R and Quazi, Azizul H},
  journal={The Journal of the Acoustical Society of America},
  volume={47},
  number={5A},
  pages={1150--1155},
  year={1970},
  publisher={Acoustical Society of America}
}

@inproceedings{guillaume2003poly,
  title={A poly-reference implementation of the least-squares complex frequency-domain estimator},
  author={Guillaume, Patrick and Verboven, Peter and Vanlanduit, Steve and Van Der Auweraer, Herman and Peeters, Bart},
  booktitle={Proceedings of IMAC},
  volume={21},
  pages={183--192},
  year={2003}
}

@Inbook{Bosco2016,
author={Bosco, Elisa
and Lucchetti, Albert
and Trapier, Simon
and Di Vincenzo, Fausto Gill
and Morlier, Joseph
and Gourdain, Nicolas},
chapter={Nonlinear transient Fluid/Structure interaction approach using surrogate models: Industrial application to aircraft fairing vibration excited by engine efflux},
series={AIAA SciTech Forum},
year={2016},
month={Jan},
day={01},
publisher={American Institute of Aeronautics and Astronautics},
note={0},
doi={10.2514/6.2016-2049},
url={https://doi.org/10.2514/6.2016-2049}
}

@inproceedings{bosco2016nonlinear,
  title={Nonlinear transient Fluid/Structure interaction approach using surrogate models: Industrial application to aircraft fairing vibration excited by engine jet flow.},
  author={Bosco, Elisa and Lucchetti, Albert and Trapier, Simon and Di Vincenzo, Fausto Gill and Gourdain, N and Morlier, J},
  booktitle={15th Dynamics Specialists Conference},
  pages={2049},
  year={2016}
}

@article{lawrence2005probabilistic,
  title={Probabilistic non-linear principal component analysis with Gaussian process latent variable models},
  author={Lawrence, Neil},
  journal={Journal of machine learning research},
  volume={6},
  number={Nov},
  pages={1783--1816},
  year={2005}
}

@inproceedings{titsias2010bayesian,
  title={Bayesian Gaussian process latent variable model},
  author={Titsias, Michalis K and Lawrence, Neil D},
  booktitle={International Conference on Artificial Intelligence and Statistics},
  pages={844--851},
  year={2010}
}